<record><leader>00000cas a22000007  4500</leader><controlfield tag="001">5233809</controlfield><controlfield tag="008">790802c19799999cauwr ne      0   a0eng d</controlfield><datafield ind1=" " ind2=" " tag="010"><subfield code="a">sn 79000696 </subfield></datafield><datafield ind1=" " ind2=" " tag="040"><subfield code="a">NSD</subfield><subfield code="b">eng</subfield><subfield code="c">NSD</subfield><subfield code="d">CNK</subfield><subfield code="d">OCLCQ</subfield><subfield code="d">OCLCF</subfield><subfield code="d">OCLCO</subfield></datafield><datafield ind1=" " ind2=" " tag="012"><subfield code="k">1</subfield><subfield code="m">c</subfield></datafield><datafield ind1="1" ind2=" " tag="022"><subfield code="a">0195-0533</subfield><subfield code="l">0195-0533</subfield><subfield code="2">1</subfield></datafield><datafield ind1="1" ind2=" " tag="029"><subfield code="a">AU@</subfield><subfield code="b">000025790954</subfield></datafield><datafield ind1=" " ind2=" " tag="032"><subfield code="a">487150</subfield><subfield code="b">USPS</subfield></datafield><datafield ind1=" " ind2=" " tag="042"><subfield code="a">nsdp</subfield><subfield code="a">msc</subfield></datafield><datafield ind1=" " ind2="0" tag="222"><subfield code="a">Redwood City almanac</subfield></datafield><datafield ind1="0" ind2="0" tag="245"><subfield code="a">Redwood City almanac.</subfield></datafield><datafield ind1=" " ind2=" " tag="260"><subfield code="a">Redwood City, Calif. :</subfield><subfield code="b">Portola Valley Pub. Co.,</subfield></datafield><datafield ind1=" " ind2=" " tag="300"><subfield code="a">v.</subfield></datafield><datafield ind1=" " ind2=" " tag="310"><subfield code="a">Weekly</subfield></datafield><datafield ind1="0" ind2=" " tag="362"><subfield code="a">Vol. 1, no. 1 (July 3, 1979)-</subfield></datafield><datafield ind1=" " ind2="0" tag="651"><subfield code="a">Redwood City (Calif.)</subfield><subfield code="v">Newspapers.</subfield></datafield><datafield ind1=" " ind2="7" tag="655"><subfield code="a">Newspapers.</subfield><subfield code="2">fast</subfield><subfield code="0">(OCoLC)fst01423814</subfield></datafield><datafield ind1=" " ind2="7" tag="651"><subfield code="a">California</subfield><subfield code="z">Redwood City.</subfield><subfield code="2">fast</subfield><subfield code="0">(OCoLC)fst01215157</subfield></datafield><datafield ind1=" " ind2=" " tag="752"><subfield code="a">United States</subfield><subfield code="b">California</subfield><subfield code="c">San Mateo</subfield><subfield code="d">Redwood City.</subfield></datafield><datafield ind1=" " ind2=" " tag="936"><subfield code="a">July 3, 1979</subfield></datafield></record>